@book{furht2010handbook,
  title={Handbook of cloud computing},
  author={Furht, Borivoje and Escalante, Armando and others},
  volume={3},
  year={2010},
  publisher={Springer}
}
@book{furht2010handbook,
  title={Handbook of cloud computing},
  author={Furht, Borivoje and Escalante, Armando and others},
  volume={3},
  year={2010},
  publisher={Springer}
}
@article{mell2011nist,
  title={The NIST definition of cloud computing},
  author={Mell, Peter and Grance, Tim and others},
  year={2011},
  publisher={Computer Security Division, Information Technology Laboratory, National~â€¦}
}
@online{geeksforgeeks,
  title = {Architecture of Cloud Computing},
  url = {https://www.geeksforgeeks.org/architecture-of-cloud-computing/},
  urldate = {2024-03-18},
}
@online{hpe_cloud_services,
    author = {Hewlett Packard Enterprise},
    title = {What is Cloud Services?},
    url = {https://www.hpe.com/emea_africa/en/what-is/cloud-services.html},
    urldate = {2024-03-18},
}
@online{aws_ec2_availability_zones,
    author = {Amazon Web Services},
    title = {Using Regions and Availability Zones},
    url = {https://docs.aws.amazon.com/AWSEC2/latest/UserGuide/using-regions-availability-zones.html},
    urldate = {2024-03-18},
}
@online{aws_glacier,
    author = {Amazon Web Services},
    title = {Amazon S3 Glacier},
    url = {https://aws.amazon.com/s3/storage-classes/glacier/},
    urldate = {2024-03-18},
}
@online{aws_ec2_concepts,
    author = {Amazon Web Services},
    title = {Ec2 Concepts},
    url = {https://docs.aws.amazon.com/AWSEC2/latest/UserGuide/concepts.html},
    urldate = {2024-03-18},
}
@online{aws_aurora_overview,
    author = {Amazon Web Services},
    title = {Amazon Aurora},
    url = {https://docs.aws.amazon.com/AmazonRDS/latest/AuroraUserGuide/CHAP_AuroraOverview.html},
    urldate = {2024-03-18},
}
@online{aws_elasticache,
    author = {Amazon Web Services},
    title = {Amazon ElastiCache},
    url = {https://aws.amazon.com/elasticache/},
    urldate = {2024-03-18},
}
@online{aws_vpc,
    author = {Amazon Web Services},
    title = {Amazon VPC (Virtual Private Cloud)},
    url = {https://aws.amazon.com/vpc/},
    urldate = {2024-03-18},
}
@online{aws_api_gateway,
    author = {Amazon Web Services},
    title = {Amazon API Gateway},
    url = {https://aws.amazon.com/api-gateway/},
    urldate = {2024-03-18},
}
@online{aws_trusted_advisor,
    author = {Amazon Web Services},
    title = {AWS Trusted Advisor},
    url = {https://aws.amazon.com/premiumsupport/technology/trusted-advisor/},
    urldate = {2024-03-18},
}
@online{aws_iam,
    author = {Amazon Web Services},
    title = {AWS Identity and Access Management (IAM)},
    url = {https://aws.amazon.com/iam/},
    urldate = {2024-03-18},
}